<record><leader>00000cas a2200000 a 4500</leader><controlfield tag="001">12533113</controlfield><controlfield tag="008">850910d19071915ksucr ne      0    0eng d</controlfield><datafield ind1=" " ind2=" " tag="010"><subfield code="a">sn 85032677 </subfield></datafield><datafield ind1=" " ind2=" " tag="040"><subfield code="a">KSH</subfield><subfield code="b">eng</subfield><subfield code="c">KSH</subfield><subfield code="d">NPT</subfield><subfield code="d">OCL</subfield><subfield code="d">OCLCQ</subfield></datafield><datafield ind1=" " ind2=" " tag="042"><subfield code="a">msc</subfield></datafield><datafield ind1="0" ind2=" " tag="130"><subfield code="a">Salina union (Salina, Kan. : 1907)</subfield></datafield><datafield ind1="1" ind2="4" tag="245"><subfield code="a">The Salina union.</subfield></datafield><datafield ind1=" " ind2=" " tag="260"><subfield code="a">Salina, Kan. :</subfield><subfield code="b">J.S. Cobb,</subfield><subfield code="c">1907-1915.</subfield></datafield><datafield ind1=" " ind2=" " tag="300"><subfield code="a">8 v. :</subfield><subfield code="b">ill. ;</subfield><subfield code="c">53 cm.</subfield></datafield><datafield ind1=" " ind2=" " tag="310"><subfield code="a">Semiweekly</subfield></datafield><datafield ind1="0" ind2=" " tag="362"><subfield code="a">Vol. 17-42, no. 261 (July 8, 1907)-v. 26-2, no. 1122 (Oct. 8, 1915).</subfield></datafield><datafield ind1=" " ind2=" " tag="500"><subfield code="a">Published by J.R. Burton, Sept. 19, 1907-May 2, 1913; Central Kansas Pub. Co., May 9, 1913-Oct. 8, 1915.</subfield></datafield><datafield ind1=" " ind2=" " tag="580"><subfield code="a">Issued also in a daily edition called: Salina daily union.</subfield></datafield><datafield ind1=" " ind2=" " tag="752"><subfield code="a">United States</subfield><subfield code="b">Kansas</subfield><subfield code="c">Saline</subfield><subfield code="d">Salina.</subfield></datafield><datafield ind1="1" ind2=" " tag="775"><subfield code="t">Salina daily union</subfield><subfield code="w">(DLC)sn 85032682</subfield></datafield><datafield ind1="0" ind2="0" tag="780"><subfield code="t">Salina union twice-a-week</subfield><subfield code="w">(DLC)sn 85032676</subfield></datafield><datafield ind1="0" ind2="0" tag="785"><subfield code="t">Salina weekly union (Salina, Kan. : 1915)</subfield><subfield code="w">(DLC)sn 85032678</subfield></datafield><datafield ind1="1" ind2=" " tag="029"><subfield code="a">AU@</subfield><subfield code="b">000022166735</subfield></datafield></record>